@book{IntroToLLVM,
  author = {Chris Lattner},
  title = {Intro to LLVM},
  publisher = {Erice, Sicily: Chris Lattner},
  year= {2008},
  url = {https://llvm.org/pubs/2008-10-04-ACAT-LLVM-Intro.pdf},
  urldate = {2024-02-11},
}

@book{DomainSpecificLanguages,
  author = {Tomasetti Federico},
  title = {Domain Specific Languages},
  year = {2021},
  publisher = {Itálie, Strumenta S.R.L.},
  url = {https://tomassetti.me/domain-specific-languages/},
  urldate = {2024-02-11},
}

@book{Currying,
  author= {Ilya Kantor},
  title = {Currying partials},
  year = {2019},
  url = {https://javascript.info/currying-partials},
  urldate = {2024-02-11},
}

@book{Katuscakc,
  author = {Dušan Katuščák and Barbora Drobíková and Richard Papík},
  title = {Jak psát závěrečné a kvalifikační práce},
  subtitle = {jak psát bakalářské práce, diplomové práce, dizertační práce, specializační práce, habilitační práce, seminární a ročníkové práce, práce studentské vědecké a odborné činnosti, jak vytvořit bibliografické citace a odkazy a citovat tradiční a elektronické dokumenty},
  publisher = {Enigma},
  address = {Nitra},
  year = {2008},
  isbn = {978-80-89132-70-6},
}

@book{VulkanDocumentation,
  author = {Victor Blanco},
  title = {Vulkan Guide},
  year = {2020},
  url = {https://vkguide.dev/docs/chapter-2/triangle_walkthrough/},
  urldate = {2024-02-11},
}

@book{CzechApl,
  author      = {Pavel Tišnovský},
  url         = {https://www.root.cz/clanky/jazyk-apl-kombinatory-vlacky-a-point-free-style},
  title       = {Jazyk APL, kombinátory, vláčky a point-free style},
  year        = {2022},
  urldate     = {2024-02-11},
}

@book{WhyAPLIsWorthKnowing,
  author         = {Rodrigo Girão Serrão},
  url            = {https://mathspp.com/blog/why-apl-is-a-language-worth-knowing},
  title          = {Why APL is a language worth knowing},
  year           = {2022},
  urldate        = {2024-02-11},
}

@misc{ClusteringExample, 
  author         = {Oleg Musijenko},
  url            = {https://github.com/Poselsky/haskell-clustering-example},
  title          = {Clustering using Haskelyzer},
  publisher      = {Github},
  journal        = {Github repozitář},
  year           = {2023},
  urldate        = {2024-02-11},
}

@book{ProgrammingParadigms,
  author          = {Ray Toal},
  title           = {Programming Paradigms},
  url             = {https://cs.lmu.edu/~ray/notes/paradigms},
  year            = {2008},
  urldate         = {2024-02-11},
}

@book{Fowlerc2011,
  author = {Martin Fowler and Rebecca Parsons},
  title = {Domain-specific languages},
  publisher = {Addison-Wesley},
  address = {Upper Saddle River},
  year = {2011},
  edition = {1},
  isbn = {03-217-1294-3},
  pages = {38-39}
}

@book{Martin2018,
  author = {Robert C. Martin},
  title = {Clean architecture},
  subtitle = {a craftsman's guide to software structure and design},
  publisher = {Prentice Hall},
  address = {London, England},
  year = {2018},
  edition = {1},
  ISBN = {978-0-13-449416-6},
}

@thesis{Barros2005,
  author = {José Bernardo Barros and Alcino Cunha},
  title = {Point-free program calculation},
  address = {Portugal, Braga},
  year = {2005},
  school = {University of Minho},
  type = {Disertační práce},
}

@online{WhatIsDebugging,
  journal = {Ibm.com},
  title = {What is debugging?},
  year = {2023},
  urldate = {2024-03-03},
  url = {https://www.ibm.com/topics/debugging},
}

@online{HaskellDebugging,
  title = {Debugging},
  year = {2006},
  urldate = {2024-03-03},
  url = {https://wiki.haskell.org/Debugging},
}

@online{HaskellCurrying,
  title = {Currying},
  year = {2006},
  urldate = {2024-03-03},
  url = {https://wiki.haskell.org/Currying},
}

@thesis{Jones2010,
  author = {Simon P. Jones},
  title = {Tackling the Awkward Squad:  monadic input/output, concurrency, exceptions, and  foreign-language calls in Haskell},
  address = {Cambridge, England},
  year = {2010},
  school = {Cambridge},
  type = {Výzkumný článek},
  urldate = {2024-03-03},
  url = {https://simon.peytonjones.org/assets/pdfs/tackling-awkward-squad.pdf},
}

@online{StackSurvey,
  title = {2023 Developer Survey},
  year = {2023},
  urldate = {2024-03-03},
  url = {https://survey.stackoverflow.co/2023/},
}

@online{HaskellGHCI,
  title = {Haskell.org - GHC users guide - GHCI},
  year = {2015},
  urldate = {2024-03-03},
  url = {https://downloads.haskell.org/~ghc/8.0.2/docs/html/users_guide/ghci.html},
}

